

@misc{Mezeiová,
	author = "Adriana Mezeiová",
	title = "Gamifikácia ako nástroj vzdelávania 21. storočia",
	howpublished = "\url{https://relik.vse.cz/2018/download/pdf/192-Mezeiova-Adriana-paper.pdf}",
}

@misc{Šajben,
	author = "Jakub Šajben",
	title = "Možnosti využitia Minecraft: Education Edition vo vzdelávaní",
	howpublished = "\url{https://lms.umb.sk/pluginfile.php/251803/mod_resource/content/1/SVK_2020_zbornik-448-455.pdf}",	
}

@misc{Droppová,
	author = "Gabriela Droppová",
	title = "Ako učitelia využívajú hru v prednrimárnom vzdelávaní",
	howpublished = "\url{https://www.unipo.sk/public/media/20164/Teoria-a-prax-trvalo-udrzatelneho-rozvoja-v-MS.pdf#page=107"}",
}


